

@article{USEIA-I,
title =  {{Energy Power Monthly - Table 1.1.A. Net Generation from Renewable Sources: Total (All Sectors), 2010-January 2020}},
year = {2020},
author = {\text{U.S. EIA}},
note ={\url{https://www.eia.gov/electricity/monthly/epm_table_grapher.php?t=epmt_1_01_a}, Accessed on 1/11/20},
}



@article{USEIA-II,
title =  {{Annual Energy Outlook 2020 with projections to 2050}},
year = {2020},
author = {\text{U.S. EIA}},
note ={\url{https://www.eia.gov/outlooks/aeo/pdf/AEO2020\%20Full\%20Report.pdf}, Accessed on 1/11/20},
}



@article{USEIA-III,
title =  {{Form EIA-861m (formerly EIA-826) detailed data - Estimated Small Scale Solar PV Capacity}},
year = {2020},
author = {\text{U.S. EIA}},
note ={\url{www.eia.gov/electricity/data/eia861m/}, Accessed on 1/11/20},
}


@article{onlinemarket,
author= {Fareeha Ali},
title= {{What are the top online marketplaces?}},
year = {2020},
note= {\url{www.digitalcommerce360.com/article/infographic-top-online-marketplaces/}, Accessed on 1/11/20},
}


@article{chen2018unintended,
  title={An Unintended Effect of Subsidizing Green Technology: Lessons Learned from California},
  author={Chen, Jin},
  year={2018}
}
@article{gutt2019crowd,
  title={Crowd-driven competitive intelligence: Understanding the relationship between local market competition and online rating distributions},
  author={Gutt, Dominik and Herrmann, Philipp and Rahman, Mohammad S},
  journal={Information Systems Research},
  volume={30},
  number={3},
  pages={980--994},
  year={2019},
  publisher={INFORMS}
}
@article{dorsey2017harnessing,
  title={Harnessing the Power of the Sun through Online Platforms: Evidence from the Roo op Solar Market},
  author={Dorsey, Jackson},
  year={2017}
}
@inproceedings{yamamoto2017proactive,
  title={Proactive or Reactive? Platform Governance Strategy in C2C Marketplace.},
  author={Yamamoto, Hikaru and Ohshima, Hiroumi},
  booktitle={PACIS},
  pages={116},
  year={2017}
}
@article{sekhar2013literature,
  title={A literature review on motivation},
  author={Sekhar, Chandra and Patwardhan, Manoj and Singh, Rohit Kr},
  journal={Global business perspectives},
  volume={1},
  number={4},
  pages={471--487},
  year={2013},
  publisher={Springer}
}
@article{rask2004motives,
  title={Motives for e-marketplace participation: differences and similarities between buyers and suppliers},
  author={Rask, Morten and Kragh, Hanne},
  journal={Electronic Markets},
  volume={14},
  number={4},
  pages={270--283},
  year={2004},
  publisher={Taylor \& Francis}
}
@article{zhao2013modeling,
  title={Modeling consumer learning from online product reviews},
  author={Zhao, Yi and Yang, Sha and Narayan, Vishal and Zhao, Ying},
  journal={Marketing Science},
  volume={32},
  number={1},
  pages={153--169},
  year={2013},
  publisher={INFORMS}
}
@article{buschken2016sentence,
  title={Sentence-based text analysis for customer reviews},
  author={B{\"u}schken, Joachim and Allenby, Greg M},
  journal={Marketing Science},
  volume={35},
  number={6},
  pages={953--975},
  year={2016},
  publisher={INFORMS}
}
@article{wu2015economic,
  title={The economic value of online reviews},
  author={Wu, Chunhua and Che, Hai and Chan, Tat Y and Lu, Xianghua},
  journal={Marketing Science},
  volume={34},
  number={5},
  pages={739--754},
  year={2015},
  publisher={INFORMS}
}
@article{wu2013social,
  title={Social media research: A review},
  author={Wu, Junjie and Sun, Haoyan and Tan, Yong},
  journal={Journal of Systems Science and Systems Engineering},
  volume={22},
  number={3},
  pages={257--282},
  year={2013},
  publisher={Springer}
}
@article{kwark2017user,
  title={User-generated content and competing firmsâ€™ product design},
  author={Kwark, Young and Chen, Jianqing and Raghunathan, Srinivasan},
  journal={Management Science},
  volume={64},
  number={10},
  pages={4608--4628},
  year={2017},
  publisher={INFORMS}
}
@techreport{hui2018certification,
  title={Certification, reputation and entry: An empirical analysis},
  author={Hui, Xiang and Saeedi, Maryam and Spagnolo, Giancarlo and Tadelis, Steven},
  year={2018},
  institution={National Bureau of Economic Research}
}
@article{gentzkow2019text,
  title={Text as data},
  author={Gentzkow, Matthew and Kelly, Bryan and Taddy, Matt},
  journal={Journal of Economic Literature},
  volume={57},
  number={3},
  pages={535--74},
  year={2019}
}
@article{huang2017analyst,
  title={Analyst information discovery and interpretation roles: A topic modeling approach},
  author={Huang, Allen H and Lehavy, Reuven and Zang, Amy Y and Zheng, Rong},
  journal={Management Science},
  volume={64},
  number={6},
  pages={2833--2855},
  year={2017},
  publisher={INFORMS}
}
@article{loughran2016textual,
  title={Textual analysis in accounting and finance: A survey},
  author={Loughran, Tim and McDonald, Bill},
  journal={Journal of Accounting Research},
  volume={54},
  number={4},
  pages={1187--1230},
  year={2016},
  publisher={Wiley Online Library}
}
@article{maasoumi1993compendium,
  title={A compendium to information theory in economics and econometrics},
  author={Maasoumi 1, Esfandiar},
  journal={Econometric reviews},
  volume={12},
  number={2},
  pages={137--181},
  year={1993},
  publisher={Taylor \& Francis}
}
@article{chintagunta2010effects,
  title={The effects of online user reviews on movie box office performance: Accounting for sequential rollout and aggregation across local markets},
  author={Chintagunta, Pradeep K and Gopinath, Shyam and Venkataraman, Sriram},
  journal={Marketing Science},
  volume={29},
  number={5},
  pages={944--957},
  year={2010},
  publisher={INFORMS}
}
@article{godes2004using,
  title={Using online conversations to study word-of-mouth communication},
  author={Godes, David and Mayzlin, Dina},
  journal={Marketing science},
  volume={23},
  number={4},
  pages={545--560},
  year={2004},
  publisher={INFORMS}
}
@article{hu2014ratings,
  title={Ratings lead you to the product, reviews help you clinch it? The mediating role of online review sentiments on product sales},
  author={Hu, Nan and Koh, Noi Sian and Reddy, Srinivas K},
  journal={Decision support systems},
  volume={57},
  pages={42--53},
  year={2014},
  publisher={Elsevier}
}
@article{song2017closing,
  title={Closing the productivity gap: Improving worker productivity through public relative performance feedback and validation of best practices},
  author={Song, Hummy and Tucker, Anita L and Murrell, Karen L and Vinson, David R},
  journal={Management Science},
  volume={64},
  number={6},
  pages={2628--2649},
  year={2017},
  publisher={INFORMS}
}
@article{roels2013optimal,
  title={Optimal design of social comparison effects: Setting reference groups and reference points},
  author={Roels, Guillaume and Su, Xuanming},
  journal={Management Science},
  volume={60},
  number={3},
  pages={606--627},
  year={2013},
  publisher={INFORMS}
}
@article{tan2019you,
  title={When you work with a superman, will you also fly? an empirical study of the impact of coworkers on performance},
  author={Tan, Tom Fangyun and Netessine, Serguei},
  journal={Management Science},
  year={2019},
  publisher={INFORMS}
}
@article{charness2013dark,
  title={The dark side of competition for status},
  author={Charness, Gary and Masclet, David and Villeval, Marie Claire},
  journal={Management Science},
  volume={60},
  number={1},
  pages={38--55},
  year={2013},
  publisher={INFORMS}
}
@article{blanes2011tournaments,
  title={Tournaments without prizes: Evidence from personnel records},
  author={Blanes i Vidal, Jordi and Nossol, Mareike},
  journal={Management science},
  volume={57},
  number={10},
  pages={1721--1736},
  year={2011},
  publisher={INFORMS}
}
@article{marinovic2015credibility,
  title={The credibility of performance feedback in tournaments},
  author={Marinovic, Iv{\'a}n},
  journal={Journal of Economics \& Management Strategy},
  volume={24},
  number={1},
  pages={165--188},
  year={2015},
  publisher={Wiley Online Library}
}
@article{bolton2019inflated,
  title={Inflated Reputations: Uncertainty, Leniency, and Moral Wiggle Room in Trader Feedback Systems},
  author={Bolton, Gary E and Kusterer, David J and Mans, Johannes},
  journal={Management Science},
  year={2019},
  publisher={INFORMS}
}
@article{buell2017last,
  title={Last place aversion in queues},
  author={Buell, Ryan W},
  journal={Harvard Business School Technology \& Operations Mgt. Unit Working Paper},
  number={18-053},
  year={2017}
}
@article{eyring2018performance,
  title={Performance Effects of Setting a High Reference Point for Peer-Performance Comparison},
  author={Eyring, Henry and Narayanan, VG},
  journal={Journal of Accounting Research},
  volume={56},
  number={2},
  pages={581--615},
  year={2018},
  publisher={Wiley Online Library}
}
@article{xu2016interplay,
  title={The Interplay between online reviews and physician demand: An empirical investigation},
  author={Xu, Yuqian and Armony, Mor and Ghose, Anindya},
  journal={Available at SSRN 2778664},
  year={2016}
}
@article{gorbatov2018hr,
  title={Is HR Missing the Point on Performance Feedback?},
  author={Gorbatov, Sergey and Lane, Angela},
  journal={MIT Sloan Management Review},
  volume={59},
  number={3},
  pages={1--10},
  year={2018},
  publisher={Massachusetts Institute of Technology, Cambridge, MA}
}
@article{liu2018peer,
  title={Peer influence in the workplace: Evidence from an enterprise digital platform},
  author={Liu, Haoyuan and Wen, Wen and Whinston, Andrew B},
  journal={Available at SSRN 3267050},
  year={2018}
}
@article{fahimnia2019behavioral,
  title={Behavioral Operations and Supply Chain Management--A Review and Literature Mapping},
  author={Fahimnia, Behnam and Pournader, Mehrdokht and Siemsen, Enno and Bendoly, Elliot and Wang, Charles},
  journal={Decision Sciences},
  year={2019},
  publisher={Wiley Online Library}
}
@article{kc2013learning,
  title={Learning from my success and from others' failure: Evidence from minimally invasive cardiac surgery},
  author={Kc, Diwas and Staats, Bradley R and Gino, Francesca},
  journal={Management Science},
  volume={59},
  number={11},
  pages={2435--2449},
  year={2013},
  publisher={INFORMS}
}

@article{chevalier2006effect,
  title={The effect of word of mouth on sales: Online book reviews},
  author={Chevalier, Judith A and Mayzlin, Dina},
  journal={Journal of marketing research},
  volume={43},
  number={3},
  pages={345--354},
  year={2006},
  publisher={SAGE Publications Sage CA: Los Angeles, CA}
}

@article{sun2012does,
  title={How does the variance of product ratings matter?},
  author={Sun, Monic},
  journal={Management Science},
  volume={58},
  number={4},
  pages={696--707},
  year={2012},
  publisher={INFORMS}
}
@article{zimmermann2018decomposing,
  title={Decomposing the variance of consumer ratings and the impact on price and demand},
  author={Zimmermann, Steffen and Herrmann, Philipp and Kundisch, Dennis and Nault, Barrie R},
  journal={Information Systems Research},
  volume={29},
  number={4},
  pages={984--1002},
  year={2018},
  publisher={INFORMS}
}
@article{sun2018online,
  title={Online reviews and collaborative service provision: A signal-jamming model},
  author={Sun, Haoying and Xu, Lizhen},
  journal={Production and Operations Management},
  volume={27},
  number={11},
  pages={1960--1977},
  year={2018},
  publisher={Wiley Online Library}
}

@article{etumnu2019does,
  title={Does the Distribution of Online Ratings affect Sales? Evidence from Amazon},
  author={Etumnu, Chinonso and Foster, Kenneth and Widmar, Nicole Olynk and Lusk, Jayson and Ortega, David},
  year={2019}
}
@article{yi2019leveraging,
  title={Leveraging User-Generated Content for Product Promotion: The Effects of Firm-Highlighted Reviews},
  author={Yi, Cheng and Jiang, Zhenhui and Li, Xiuping and Lu, Xianghua},
  journal={Information Systems Research},
  volume={30},
  number={3},
  pages={711--725},
  year={2019},
  publisher={INFORMS}
}
@article{wang2015user,
  title={User reviews variance, critic reviews variance, and product sales: An exploration of customer breadth and depth effects},
  author={Wang, Feng and Liu, Xuefeng and Fang, Eric Er},
  journal={Journal of Retailing},
  volume={91},
  number={3},
  pages={372--389},
  year={2015},
  publisher={Elsevier}
}
@article{basuroy2006empirical,
  title={An empirical investigation of signaling in the motion picture industry},
  author={Basuroy, Suman and Desai, Kalpesh Kaushik and Talukdar, Debabrata},
  journal={Journal of marketing research},
  volume={43},
  number={2},
  pages={287--295},
  year={2006},
  publisher={SAGE Publications Sage CA: Los Angeles, CA}
}
@phdthesis{zhang2006tapping,
  title={Tapping into the pulse of the market: Essays on marketing implications of information flows},
  author={Zhang, Xiaoquan Xiaoquan Michael},
  year={2006},
  school={Massachusetts Institute of Technology}
}
@article{west1998integrating,
  title={Integrating multiple opinions: The role of aspiration level on consumer response to critic consensus},
  author={West, Patricia M and Broniarczyk, Susan M},
  journal={Journal of Consumer Research},
  volume={25},
  number={1},
  pages={38--51},
  year={1998},
  publisher={The University of Chicago Press}
}
@article{clemons2006online,
  title={When online reviews meet hyperdifferentiation: A study of the craft beer industry},
  author={Clemons, Eric K and Gao, Guodong Gordon and Hitt, Lorin M},
  journal={Journal of management information systems},
  volume={23},
  number={2},
  pages={149--171},
  year={2006},
  publisher={Taylor \& Francis}
}
@inproceedings{martin2007choosing,
  title={Choosing to be uncertain: Preferences for high variance experiences},
  author={Martin, J and Barron, G and Norton, MI},
  booktitle={London Business School Trans-Atlantic Doctoral Conference},
  year={2007}
}
@article{meyer1981model,
  title={A model of multiattribute judgments under attribute uncertainty and informational constraint},
  author={Meyer, Robert J},
  journal={Journal of Marketing Research},
  volume={18},
  number={4},
  pages={428--441},
  year={1981},
  publisher={SAGE Publications Sage CA: Los Angeles, CA}
}

@article{sekhar2013literature,
  title={A literature review on motivation},
  author={Sekhar, Chandra and Patwardhan, Manoj and Singh, Rohit Kr},
  journal={Global business perspectives},
  volume={1},
  number={4},
  pages={471--487},
  year={2013},
  publisher={Springer}
}

@article{charness2013dark,
  title={The dark side of competition for status},
  author={Charness, Gary and Masclet, David and Villeval, Marie Claire},
  journal={Management Science},
  volume={60},
  number={1},
  pages={38--55},
  year={2013},
  publisher={INFORMS}
}
@article{blanes2011tournaments,
  title={Tournaments without prizes: Evidence from personnel records},
  author={Blanes i Vidal, Jordi and Nossol, Mareike},
  journal={Management science},
  volume={57},
  number={10},
  pages={1721--1736},
  year={2011},
  publisher={INFORMS}
}


@article{buell2017last,
  title={Last place aversion in queues},
  author={Buell, Ryan W},
  journal={Harvard Business School Technology \& Operations Mgt. Unit Working Paper},
  number={18-053},
  year={2017}
}
@article{eyring2018performance,
  title={Performance Effects of Setting a High Reference Point for Peer-Performance Comparison},
  author={Eyring, Henry and Narayanan, VG},
  journal={Journal of Accounting Research},
  volume={56},
  number={2},
  pages={581--615},
  year={2018},
  publisher={Wiley Online Library}
}


@article{sun2018online,
  title={Online reviews and collaborative service provision: A signal-jamming model},
  author={Sun, Haoying and Xu, Lizhen},
  journal={Production and Operations Management},
  volume={27},
  number={11},
  pages={1960--1977},
  year={2018},
  publisher={Wiley Online Library}
}

@misc{boris_2018, title={How we determine valuations for marketplaces}, url={https://versionone.vc/how-we-determine-valuations-for-marketplaces/}, journal={Version One}, publisher={Version One}, author={Boris}, year={2018}, month={Jul}}

@misc{galston_2017, title={Anatomy of a managed marketplace}, url={https://techcrunch.com/2017/05/25/anatomy-of-a-managed-marketplace/}, journal={TechCrunch}, publisher={TechCrunch}, author={Galston, Ezra}, year={2017}, month={May}}

@article{dellarocas2007exploring,
  title={Exploring the value of online product reviews in forecasting sales: The case of motion pictures},
  author={Dellarocas, Chrysanthos and Zhang, Xiaoquan Michael and Awad, Neveen F},
  journal={Journal of Interactive marketing},
  volume={21},
  number={4},
  pages={23--45},
  year={2007},
  publisher={Elsevier}
}

@article{duan2008online,
  title={Do online reviews matter?â€”An empirical investigation of panel data},
  author={Duan, Wenjing and Gu, Bin and Whinston, Andrew B},
  journal={Decision support systems},
  volume={45},
  number={4},
  pages={1007--1016},
  year={2008},
  publisher={Elsevier}
}
 @ARTICLE {deshpan19logistic,
    author  = "Vinayak Deshpande, Pradeep Pendem",
    title   = "Logistics Performance, Ratings, and its impact on Customer Purchasing Behavior and Sales in E-commerce Platforms",
    journal = "Working Paper",
    year    = "2019"
}

@article{pendem2016microstructure,
  title={The Microstructure of Work: How Unexpected Breaks Let You Rest, but Not Lose Focus},
  author={Pendem, Pradeep and Green, Paul and Staats, Bradley R and Gino, Francesca},
  journal={Harvard Business School NOM Unit Working Paper},
  number={17-058},
  year={2016}
}
@article{dorsey2019access,
  title={Access to Alternatives: Increasing Rooftop Solar Adoption With Online Platforms},
  author={Dorsey, Jackson},
  journal={Kelley School of Business Research Paper},
  year={2019}
}

@article{bollinger2019learning,
  title={Learning-by-doing in solar photovoltaic installations},
  author={Bollinger, Bryan and Gillingham, Kenneth},
  journal={Available at SSRN 2342406},
  year={2019}
}

@misc{nrel.gov, title={Solar Photovoltaic Technology Basics},
author={NREL},
url={https://www.nrel.gov/research/re-photovoltaics.html}, journal={NREL.gov}}

@article{iea2018snapshot,
  title={{Snapshot of global photovoltaic markets 2018}},
  author={IEA},
  url={http://www.iea-pvps.org/fileadmin/dam/public/report/statistics/IEA-PVPS_-_A_Snapshot_of_Global_PV_-_1992-2017.pdf},
  year={2018},
}

@misc{energysageintel19,
title={{New Report Finds Solar Tariffs Not Helping American-Made Solar Panels Compete, and Costs of Solar Continuing to Fall}},
author={EnergySage},
year = {2019},
url={https://www.energysage.com/press/energysage-marketplace-intel-report-8}, Accessed on 1/20/20},
}

@article{haddad2015consumer,
  title={Consumer Goods Industry: Challenges Within The Online Marketplace.},
  author={Haddad, Munir and Kleiner, Brian},
  journal={Ethics \& Critical Thinking Journal},
  volume={2015},
  number={1},
  year={2015}
}

@article{Blanco2014,
author = {Blanco, Christian and Caro, Felipe and Corbett, Charles J},
pages = {1--38},
title = {Operational Response to Climate Change : Do Profitable Carbon Abatement Opportunities Decrease Over Time ?},
volume = {2010},
year = {2014}
}

@article{Blanco2009,
author = {Blanco, Christian},
doi = {10.1111/j.1365-2958.2003.03935.x},
pages = {1--31},
title = {Supply Chain Carbon Footprinting and Climate Change Awareness of Global Firms},
year = {2019}
}
@article{ibanez2019scheduling,
  title={  },
  author={Ibanez, Maria and Toffel, Michael W},
  journal={Forthcoming, Management Science},
  pages={17--090},
  year={2019}
}

@misc{weaver_2019, title={Residential solar power growing like a "weed", straining labor}, url={https://pv-magazine-usa.com/2019/10/28/residential-solar-power-growing-like-a-weed-straining-labor/}, journal={pv magazine USA}, author={Weaver, John}, year={2019}, month={Oct}}

@misc{seia, title={Solar Industry Research Data}, url={https://www.seia.org/solar-industry-research-data}, journal={SEIA}, author={SEIA}}

@misc{gtmsolar2018, title={California's Rooftop Solar Mandate Wins Final Approval}, url={https://www.greentechmedia.com/articles/read/california-solar-roof-mandate-wins-final-approval}, journal={California's Rooftop Solar Mandate Wins Final Approval | Greentech Media}, publisher={Greentech Media}, author={Pyper, Julia}, year={2018}, month={Dec}}

@article{devlin2018bert,
  title={Bert: Pre-training of deep bidirectional transformers for language understanding},
  author={Devlin, Jacob and Chang, Ming-Wei and Lee, Kenton and Toutanova, Kristina},
  journal={arXiv preprint arXiv:1810.04805},
  year={2018}
}
@article{hoberg2016text,
  title={Text-based network industries and endogenous product differentiation},
  author={Hoberg, Gerard and Phillips, Gordon},
  journal={Journal of Political Economy},
  volume={124},
  number={5},
  pages={1423--1465},
  year={2016},
  publisher={University of Chicago Press Chicago, IL}
}
@misc{kennedy_thigpen_2019, title={More U.S. homeowners say they are considering home solar panels}, url={https://www.pewresearch.org/fact-tank/2019/12/17/more-u-s-homeowners-say-they-are-considering-home-solar-panels/}, journal={Pew Research Center}, publisher={Pew Research Center}, author={Kennedy, Brian and Thigpen, Cary Lynne}, year={2019}, month={Dec}}

@article {loughran2011liability,
author = {Loughran, Tim and McDonald, Bill},
title = {When Is a Liability Not a Liability? Textual Analysis, Dictionaries, and 10-Ks},
journal = {The Journal of Finance},
volume = {66},
number = {1},
publisher = {Blackwell Publishing Inc},
issn = {1540-6261},
url = {http://dx.doi.org/10.1111/j.1540-6261.2010.01625.x},
doi = {10.1111/j.1540-6261.2010.01625.x},
pages = {35--65},
year = {2011},
}
@article{niewoehner2019focusing,
  title={Focusing Provider Attention: An Empirical Examination of Incentives and Feedback in Flu},
  author={Niewoehner III, Robert J and Staats, Bradley R},
  year={2019}
}
@article{kuhnen2012feedback,
  title={Feedback, self-esteem, and performance in organizations},
  author={Kuhnen, Camelia M and Tymula, Agnieszka},
  journal={Management Science},
  volume={58},
  number={1},
  pages={94--113},
  year={2012},
  publisher={INFORMS}
}
@article{luo2013impact,
  title={The impact of brand rating dispersion on firm value},
  author={Luo, Xueming and Raithel, Sascha and Wiles, Michael A},
  journal={Journal of Marketing Research},
  volume={50},
  number={3},
  pages={399--415},
  year={2013},
  publisher={SAGE Publications Sage CA: Los Angeles, CA}
}
@inproceedings{hutto2014vader,
  title={Vader: A parsimonious rule-based model for sentiment analysis of social media text},
  author={Hutto, Clayton J and Gilbert, Eric},
  booktitle={Eighth international AAAI conference on weblogs and social media},
  year={2014}
}
@article{ankerst1999optics,
  title={OPTICS: ordering points to identify the clustering structure},
  author={Ankerst, Mihael and Breunig, Markus M and Kriegel, Hans-Peter and Sander, J{\"o}rg},
  journal={ACM Sigmod record},
  volume={28},
  number={2},
  pages={49--60},
  year={1999},
  publisher={ACM New York, NY, USA}
}
@article{teimouri2016method,
  title={A method to detect inactive periods in animal movement using density-based clustering},
  author={Teimouri, Maryam and Indahl, Ulf Geir and Tveite, H{\aa}vard},
  journal={Applied geography},
  volume={73},
  pages={102--112},
  year={2016},
  publisher={Elsevier}
}
@article{calinski1974dendrite,
  title={A dendrite method for cluster analysis},
  author={Cali{\'n}ski, Tadeusz and Harabasz, Jerzy},
  journal={Communications in Statistics-theory and Methods},
  volume={3},
  number={1},
  pages={1--27},
  year={1974},
  publisher={Taylor \& Francis}
}
@misc{us_census_bureau_2019, title={Gazetteer Files}, url={https://www.census.gov/geographies/reference-files/time-series/geo/gazetteer-files.2018.html}, journal={The United States Census Bureau}, author={\text{US Census Bureau}}, year={2019}, month={Aug}}

@inproceedings{kanagala2016comparative,
  title={A comparative study of K-Means, DBSCAN and OPTICS},
  author={Kanagala, Hari Krishna and Krishnaiah, VV Jaya Rama},
  booktitle={2016 International Conference on Computer Communication and Informatics (ICCCI)},
  pages={1--6},
  year={2016},
  organization={IEEE}
}

@article{davidson2019neighborhood,
  title={What Neighborhood Is This? Estimating Material Based Neighborhood Boundaries Using Single-Family Homes},
  author={Davidson, Marty},
  journal={Estimating Material Based Neighborhood Boundaries Using Single-Family Homes (November 13, 2019)},
  year={2019}
}

@inproceedings{breunig2000fast,
  title={Fast hierarchical clustering based on compressed data and optics},
  author={Breunig, Markus M and Kriegel, Hans-Peter and Sander, J{\"o}rg},
  booktitle={European Conference on Principles of Data Mining and Knowledge Discovery},
  pages={232--242},
  year={2000},
  organization={Springer}
}
@misc{marsh_2019, title={Solar Providers Near Me: How to Find Them in 2020: EnergySage}, url={https://news.energysage.com/best-way-find-solar-panel-installers-near-me/}, journal={Solar News}, publisher={EnergySage}, author={Marsh, Jacob}, year={2019}, month={Apr}}
