
@article{huang2020carrot,
  title={{Carrot or Stick? Supplier Diversity and its Impact on Carbon Emission Reduction Strategies}},
  author={Huang, Herbie and Narayanan, Sriram and Swaminathan, Jayashankar M},
  note ={Working Paper, UNC Kenan-Flagler Business School},
  year={2020},
}

@article{Neil,
author = {Neil Patel},
year = {2020},
title = {{How to Get More Online Reviews (and Deal With Bad Ones)}},
note = {\url{https://neilpatel.com/blog/how-to-get-more-online-reviews-and-deal-with-bad-ones/}, Accessed on 6/6/20},
}


@article{brandimage,
author = {Sonja Gensler and Franziska VÃ¶lckner and Marc Egger and Kai Fischbach and Detlef Schoder},
title = {{Listen to Your Customers: Insights into Brand Image Using Online Consumer-Generated Product Reviews}},
journal = {International Journal of Electronic Commerce},
volume = {20},
number = {1},
pages = {112-141},
year  = {2015},
}


@article{reynolds,
author = {William H. Reynolds},
title ={{The Role of the Consumer in Image Building}},
journal = {California Management Review},
volume = {7},
number = {3},
pages = {69-76},
year = {1965},
}


@article{hairmultivariate,
  title={{Multivariate Data Analysis Seventh Edition}},
  author={ Hair, Joseph F. and  Black, Jr. William C. and  Babin, Barry J. and Anderson,  Rolph E.},
  year = {2014},
}



@article{Kamalini2019,
title = {{Timely After-Sales Service and Technology Adoption: Evidence from the Off-Grid Solar Market in Uganda}},
author  ={Kundu, Amrita and Ramdas, Kamalini},
year = {2019},
note = {Working paper, London Business School},
}

@article{nickell1981biases,
  title={{Biases in dynamic models with fixed effects}},
  author={Nickell, Stephen},
  journal={Econometrica: Journal of the Econometric Society},
  pages={1417--1426},
  year={1981},
}


@article{arellano1991some,
  title={{Some tests of specification for panel data: Monte Carlo evidence and an application to employment equations}},
  author={Arellano, Manuel and Bond, Stephen},
  journal={The Review of Economic Studies},
  volume={58},
  number={2},
  pages={277--297},
  year={1991},
}


@article{lind2010or,
  title={{With or without U? The appropriate test for a U-shaped relationship}},
  author={Lind, Jo Thori and Mehlum, Halvor},
  journal={Oxford bulletin of economics and statistics},
  volume={72},
  number={1},
  pages={109--118},
  year={2010},
}

@article{bowsher2002testing,
  title={{On testing overidentifying restrictions in dynamic panel data models}},
  author={Bowsher, Clive G},
  journal={Economics letters},
  volume={77},
  number={2},
  pages={211--220},
  year={2002},
}



@article{BERT,
title ={{Google Says Its Latest Tech Tweak Provides Better Search Results. Here's How}},
year = {2019},
note ={\url{fortune.com/2019/10/25/google-tweaks-search-results-ai/}, Accessed on 6/2/20},
author = {Abril, Danielle},
journal = {Fortune},
}

%
%@article{BERT,
%title ={{Google Uses BERT Technology To Develop Its Search Results}},
%year = {2019},
%note ={\url{www.forbes.com/sites/ilkerkoksal/2019/11/14/google-uses-bert-technology-to-develop-its-search-results/\#47e52621eba0}, Accessed July 2, 2020}
%author = {Ilker Koksal},
%journal = {Forbes},
%}


@article{tan2014does,
  title={{When does the devil make work? An empirical study of the impact of workload on worker productivity}},
  author={Tan, Tom Fangyun and Netessine, Serguei},
  journal={Management Science},
  volume={60},
  number={6},
  pages={1574--1593},
  year={2014},
}




@article{Suvrat,
author = {Dhanorkar, Suvrat and Donohue, Karen and Linderman, Kevin},
title = {{Repurposing Materials and Waste through Online Exchanges: Overcoming the Last Hurdle}},
journal = {Production and Operations Management},
volume = {24},
number = {9},
pages = {1473-1493},
year = {2015},
}




@article{Northwestern,
author = {\text{Spielger Research Center}},
year = {2017},
note ={\url{https://spiegel.medill.northwestern.edu/_pdf/Spiegel_Online\%20Review_eBook_Jun2017_FINAL.pdf}, Accessed on 6/2/20},
title = {{How Online Reviews Influence Sales}},
}


@inproceedings{askalidis2016value,
  title={{The value of online customer reviews}},
  author={Askalidis, Georgios and Malthouse, Edward C},
  booktitle={Proceedings of the 10th ACM Conference on Recommender Systems},
  pages={155--158},
  year={2016}
}



@article{luca2016reviews,
  title={{Reviews, reputation, and revenue: The case of Yelp. com}},
  author={Luca, Michael},
  note={Working Paper, Harvard Business School},
  year={2016}
}

% FOR HYPOTHESIS 1a and 1b

@article{chakraborty2018credibility,
  title={{Credibility of online reviews and its impact on brand image}},
  author={Chakraborty, Uttam and Bhat, Savita},
  journal={Management Research Review},
  year={2018},
  volume = {41},
  number ={1},
  pages = {148-164},
}

@article{chakraborty2018effects,
  title={{The effects of credible online reviews on brand equity dimensions and its consequence on consumer behavior}},
  author={Chakraborty, Uttam and Bhat, Savita},
  journal={Journal of Promotion Management},
  volume={24},
  number={1},
  pages={57--82},
  year={2018},
}


% FOr H3ab

@article{scheibehenne2010can,
  title={{Can there ever be too many options? A meta-analytic review of choice overload}},
  author={Scheibehenne, Benjamin and Greifeneder, Rainer and Todd, Peter M},
  journal={Journal of consumer research},
  volume={37},
  number={3},
  pages={409--425},
  year={2010},
}


@article{iyengar2000choice,
  title={{When choice is demotivating: Can one desire too much of a good thing?}},
  author={Iyengar, Sheena S and Lepper, Mark R},
  journal={Journal of personality and social psychology},
  volume={79},
  number={6},
  pages={995},
  year={2000},
}

@article{baumol1956variety,
  title={{Variety in retailing}},
  author={Baumol, William J and Ide, Edward A},
  journal={Management Science},
  volume={3},
  number={1},
  pages={93--101},
  year={1956},
}



@article{reviewmatter,
 author = {Do-Hyung Park and Jumin Lee and Ingoo Han},
 journal = {International Journal of Electronic Commerce},
 number = {4},
 pages = {125--148},
 publisher = {Taylor & Francis, Ltd.},
 title = {{The Effect of On-Line Consumer Reviews on Consumer Purchasing Intention: The Moderating Role of Involvement}},
 volume = {11},
 year = {2007}
}





@article{demirag2011risks,
  title={{Risks and the financing of PPP: Perspectives from the financiers}},
  author={Demirag, Istemi and Khadaroo, Iqbal and Stapleton, Pamela and Stevenson, Caral},
  journal={The British Accounting Review},
  volume={43},
  number={4},
  pages={294--310},
  year={2011},
}


@article{hirshleifer1992managerial,
  title={{Managerial conservatism, project choice, and debt}},
  author={Hirshleifer, David and Thakor, Anjan V},
  journal={The Review of Financial Studies},
  volume={5},
  number={3},
  pages={437--470},
  year={1992},
}


@article{Zhu,
author = {Feng Zhu and Xiaoquan (Michael) Zhang},
title ={{Impact of Online Consumer Reviews on Sales: The Moderating Role of Product and Consumer Characteristics}},
journal = {Journal of Marketing},
volume = {74},
number = {2},
pages = {133-148},
year = {2010},
}




@article{bimpikis2019managing,
  title={{Managing market thickness in online B2B markets}},
  author={Bimpikis, Kostas and Elmaghraby, Wedad J and Moon, Ken and Zhang, Wenchang},
  note ={Forthcoming in Management Science},
  year={2019},
}


@article{li2020higher,
  title={{Higher market thickness reduces matching rate in online platforms: Evidence from a quasiexperiment}},
  author={Li, Jun and Netessine, Serguei},
  journal={Management Science},
  volume={66},
  number={1},
  pages={271--289},
  year={2020},
}

@article{josse2013,
author = {Josse Delfgaauw and Robert Dur and Joeri Sol and Willem Verbeke},
journal = {Journal of Labor Economics},
number = {2},
pages = {305--326},
title = {{Tournament Incentives in the Field: Gender Differences in the Workplace}},
volume = {31},
year = {2013}
}


@article{tan2019you,
  title={{When you work with a superman, will you also fly? An empirical study of the impact of coworkers on performance}},
  author={Tan, Tom Fangyun and Netessine, Serguei},
  journal={Management Science},
  volume={65},
  number={8},
  pages={3495--3517},
  year={2019},
}


@article{staats,
title = {{Focusing Provider Attention: An Empirical Examination of Incentives and Feedback in Flu Vaccinations}},
year ={2020},
author = { Niewoehner III, Robert J. and Staats,  Bradley R.},
note = {Working paper, UNC Kenan-Flagler Business School},
}



@article{moreno2014doing,
  title={{Doing business with strangers: Reputation in online service marketplaces}},
  author={Moreno, Antonio and Terwiesch, Christian},
  journal={Information Systems Research},
  volume={25},
  number={4},
  pages={865--886},
  year={2014},
}



@article{HLee,
author = {Lee, Hau L. and Tang, Christopher S.},
title = {{Socially and Environmentally Responsible Value Chain Innovations: New Operations Management Research Opportunities}},
journal = {Management Science},
volume = {64},
number = {3},
pages = {983-996},
year = {2018},
}


@article{atasu2020sustainable,
  title={{Sustainable Operations Management Through the Perspective of Manufacturing \& Service Operations Management}},
  author={Atasu, Atalay and Corbett, Charles J and Huang, Ximin and Toktay, L Beril},
  journal={Manufacturing \& Service Operations Management},
  volume={22},
  number={1},
  pages={146--157},
  year={2020},
}

@article{kabra2019bike,
  title={{Bike-share systems: Accessibility and availability}},
  author={Kabra, Ashish and Belavina, Elena and Girotra, Karan},
  journal={Management Science},
  year={2019},
}


@article{uppari,
author = {Uppari, B.S. and S. Netessine and I. Popescu and M. Barron and R. Clarke and M. Visser },
year = {2019},
title ={{Inconvenience,
Liquidity Constraints, and Adoption of Off-Grid Lighting Solutions }},
note = {Working Paper, Singapore Management University},
}


@article{SunarandBirge,
author = {Sunar, Nur and Birge, John R.},
title = {{Strategic Commitment to a Production Schedule with Uncertain Supply and Demand: Renewable Energy in Day-Ahead Electricity Markets}},
journal = {Management Science},
volume = {65},
number = {2},
pages = {714-734},
year = {2019},
}

@article{NJ,
author = {Sunar, Nur and Swaminathan, Jayashankar M.},
title = {{Net-Metered Distributed Renewable Energy: A Peril for Utilities?}},
year = {2018},
note = {Working Paper,UNC Kenan-Flagler Business School},
}


@article{alanwolf,
title = {{That's Not Fair: Tariff Structures for Electricity
Markets with Rooftop Solar}},
year = {2018},
author =  {Siddharth Prakash Singh and Alan Scheller-Wolf},
note = {Working Paper, UCL School of Management},
}


@article{blanco2020carbon,
  title={{Do carbon abatement opportunities become less profitable over time? A global firm-level perspective using CDP data}},
  author={Blanco, Christian C and Caro, Felipe and Corbett, Charles J},
  journal={Energy Policy},
  volume={138},
  pages={111252},
  year={2020},
}


@article{Corbett2,
  title={{Top management and the adoption of energy efficiency practices: Evidence from small and medium-sized manufacturing firms in the US}},
  author={Blass, Vered and Corbett, Charles J and Delmas, Magali A and Muthulingam, Suresh},
  journal={Energy},
  volume={65},
  pages={560--571},
  year={2014},
}


@article{blanco2020carbon,
  title={Do carbon abatement opportunities become less profitable over time? A global firm-level perspective using CDP data},
  author={Blanco, Christian C and Caro, Felipe and Corbett, Charles J},
  journal={Energy Policy},
  volume={138},
  pages={111252},
  year={2020},
}


@article{USEIA-I,
title =  {{Energy Power Monthly - Table 1.1.A. Net Generation from Renewable Sources: Total (All Sectors), 2010-January 2020}},
year = {2020},
author = {\text{U.S. EIA}},
note ={\url{https://www.eia.gov/electricity/monthly/epm_table_grapher.php?t=epmt_1_01_a}, Accessed on 6/11/20},
}



@article{USEIA-II,
title =  {{Annual Energy Outlook 2020 with projections to 2050}},
year = {2020},
author = {\text{U.S. EIA}},
note ={\url{https://www.eia.gov/outlooks/aeo/pdf/AEO2020\%20Full\%20Report.pdf}, Accessed on 6/11/20},
}



@article{USEIA-III,
title =  {{Form EIA-861m (formerly EIA-826) detailed data - Estimated Small Scale Solar PV Capacity}},
year = {2020},
author = {\text{U.S. EIA}},
note ={\url{www.eia.gov/electricity/data/eia861m/}, Accessed on 1/11/20},
}


@article{onlinemarket,
author= {Fareeha Ali},
title= {{What are the top online marketplaces?}},
year = {2020},
note= {\url{www.digitalcommerce360.com/article/infographic-top-online-marketplaces/}, Accessed on 1/11/20},
}


%@article{chen2018unintended,
%  title={An Unintended Effect of Subsidizing Green Technology: Lessons Learned from California},
%  author={Chen, Jin},
%  year={2018}
%}
@article{gutt2019crowd,
  title={Crowd-driven competitive intelligence: Understanding the relationship between local market competition and online rating distributions},
  author={Gutt, Dominik and Herrmann, Philipp and Rahman, Mohammad S},
  journal={Information Systems Research},
  volume={30},
  number={3},
  pages={980--994},
  year={2019},
}

@article{dorsey2017harnessing,
  title={Harnessing the Power of the Sun through Online Platforms: Evidence from the Roo op Solar Market},
  author={Dorsey, Jackson},
  year={2017}
}
@inproceedings{yamamoto2017proactive,
  title={{Proactive or Reactive? Platform Governance Strategy in C2C Marketplace}},
  author={Yamamoto, Hikaru and Ohshima, Hiroumi},
  booktitle={PACIS},
  pages={116},
  year={2017}
}
@article{sekhar2013literature,
  title={A literature review on motivation},
  author={Sekhar, Chandra and Patwardhan, Manoj and Singh, Rohit Kr},
  journal={Global business perspectives},
  volume={1},
  number={4},
  pages={471--487},
  year={2013},
  publisher={Springer}
}
@article{rask2004motives,
  title={Motives for e-marketplace participation: differences and similarities between buyers and suppliers},
  author={Rask, Morten and Kragh, Hanne},
  journal={Electronic Markets},
  volume={14},
  number={4},
  pages={270--283},
  year={2004},
  publisher={Taylor \& Francis}
}
@article{zhao2013modeling,
  title={Modeling consumer learning from online product reviews},
  author={Zhao, Yi and Yang, Sha and Narayan, Vishal and Zhao, Ying},
  journal={Marketing Science},
  volume={32},
  number={1},
  pages={153--169},
  year={2013},
  publisher={INFORMS}
}
@article{buschken2016sentence,
  title={{Sentence-based text analysis for customer reviews}},
  author={B{\"u}schken, Joachim and Allenby, Greg M},
  journal={Marketing Science},
  volume={35},
  number={6},
  pages={953--975},
  year={2016},
  publisher={INFORMS}
}
@article{wu2015economic,
  title={{The economic value of online reviews}},
  author={Wu, Chunhua and Che, Hai and Chan, Tat Y and Lu, Xianghua},
  journal={Marketing Science},
  volume={34},
  number={5},
  pages={739--754},
  year={2015},

}
@article{wu2013social,
  title={{Social media research: A review}},
  author={Wu, Junjie and Sun, Haoyan and Tan, Yong},
  journal={Journal of Systems Science and Systems Engineering},
  volume={22},
  number={3},
  pages={257--282},
  year={2013},
}
@article{kwark2017user,
  title={{User-generated content and competing firmsâ product design}},
  author={Kwark, Young and Chen, Jianqing and Raghunathan, Srinivasan},
  journal={Management Science},
  volume={64},
  number={10},
  pages={4608--4628},
  year={2017},
  publisher={INFORMS}
}
@techreport{hui2018certification,
  title={Certification, reputation and entry: An empirical analysis},
  author={Hui, Xiang and Saeedi, Maryam and Spagnolo, Giancarlo and Tadelis, Steven},
  year={2018},
  institution={National Bureau of Economic Research}
}
@article{gentzkow2019text,
  title={{Text as data}},
  author={Gentzkow, Matthew and Kelly, Bryan and Taddy, Matt},
  journal={Journal of Economic Literature},
  volume={57},
  number={3},
  pages={535--74},
  year={2019}
}
@article{huang2017analyst,
  title={{Analyst information discovery and interpretation roles: A topic modeling approach}},
  author={Huang, Allen H and Lehavy, Reuven and Zang, Amy Y and Zheng, Rong},
  journal={Management Science},
  volume={64},
  number={6},
  pages={2833--2855},
  year={2017},
  publisher={INFORMS}
}
@article{loughran2016textual,
  title={{Textual analysis in accounting and finance: A survey}},
  author={Loughran, Tim and McDonald, Bill},
  journal={Journal of Accounting Research},
  volume={54},
  number={4},
  pages={1187--1230},
  year={2016},
  publisher={Wiley Online Library}
}
@article{maasoumi1993compendium,
  title={{A compendium to information theory in economics and econometrics}},
  author={Maasoumi 1, Esfandiar},
  journal={Econometric reviews},
  volume={12},
  number={2},
  pages={137--181},
  year={1993},
  publisher={Taylor \& Francis}
}
@article{chintagunta2010effects,
  title={{The effects of online user reviews on movie box office performance: Accounting for sequential rollout and aggregation across local markets}},
  author={Chintagunta, Pradeep K and Gopinath, Shyam and Venkataraman, Sriram},
  journal={Marketing Science},
  volume={29},
  number={5},
  pages={944--957},
  year={2010},
}
@article{godes2004using,
  title={{Using online conversations to study word-of-mouth communication}},
  author={Godes, David and Mayzlin, Dina},
  journal={Marketing science},
  volume={23},
  number={4},
  pages={545--560},
  year={2004},
}
@article{hu2014ratings,
  title={{Ratings lead you to the product, reviews help you clinch it? The mediating role of online review sentiments on product sales}},
  author={Hu, Nan and Koh, Noi Sian and Reddy, Srinivas K},
  journal={Decision support systems},
  volume={57},
  pages={42--53},
  year={2014},
}
@article{song2017closing,
  title={{Closing the productivity gap: Improving worker productivity through public relative performance feedback and validation of best practices}},
  author={Song, Hummy and Tucker, Anita L and Murrell, Karen L and Vinson, David R},
  journal={Management Science},
  volume={64},
  number={6},
  pages={2628--2649},
  year={2017},
}
%@article{roels2013optimal,
%  title={Optimal design of social comparison effects: Setting reference groups and reference points},
%  author={Roels, Guillaume and Su, Xuanming},
%  journal={Management Science},
%  volume={60},
%  number={3},
%  pages={606--627},
%  year={2013},
%}
%@article{tan2019you,
%  title={When you work with a superman, will you also fly? an empirical study of the impact of coworkers on performance},
%  author={Tan, Tom Fangyun and Netessine, Serguei},
%  journal={Management Science},
%  year={2019},
%  publisher={INFORMS}
%}


@article{charness2013dark,
  title={{The dark side of competition for status}},
  author={Charness, Gary and Masclet, David and Villeval, Marie Claire},
  journal={Management Science},
  volume={60},
  number={1},
  pages={38--55},
  year={2013},
}
@article{blanes2011tournaments,
  title={{Tournaments without prizes: Evidence from personnel records}},
  author={Blanes i Vidal, Jordi and Nossol, Mareike},
  journal={Management science},
  volume={57},
  number={10},
  pages={1721--1736},
  year={2011},
}
@article{marinovic2015credibility,
  title={The credibility of performance feedback in tournaments},
  author={Marinovic, Iv{\'a}n},
  journal={Journal of Economics \& Management Strategy},
  volume={24},
  number={1},
  pages={165--188},
  year={2015},
  publisher={Wiley Online Library}
}
@article{bolton2019inflated,
  title={{Inflated Reputations: Uncertainty, Leniency, and Moral Wiggle Room in Trader Feedback Systems}},
  author={Bolton, Gary E and Kusterer, David J and Mans, Johannes},
  journal={Management Science},
  year={2019},
  publisher={INFORMS}
}
@article{buell2017last,
  title={Last place aversion in queues},
  author={Buell, Ryan W},
  journal={Harvard Business School Technology \& Operations Mgt. Unit Working Paper},
  number={18-053},
  year={2017}
}
@article{eyring2018performance,
  title={{Performance Effects of Setting a High Reference Point for Peer-Performance Comparison}},
  author={Eyring, Henry and Narayanan, VG},
  journal={Journal of Accounting Research},
  volume={56},
  number={2},
  pages={581--615},
  year={2018},
  publisher={Wiley Online Library}
}
@article{xu2016interplay,
  title={The Interplay between online reviews and physician demand: An empirical investigation},
  author={Xu, Yuqian and Armony, Mor and Ghose, Anindya},
  journal={Available at SSRN 2778664},
  year={2016}
}
@article{gorbatov2018hr,
  title={Is HR Missing the Point on Performance Feedback?},
  author={Gorbatov, Sergey and Lane, Angela},
  journal={MIT Sloan Management Review},
  volume={59},
  number={3},
  pages={1--10},
  year={2018},
  publisher={Massachusetts Institute of Technology, Cambridge, MA}
}
@article{liu2018peer,
  title={Peer influence in the workplace: Evidence from an enterprise digital platform},
  author={Liu, Haoyuan and Wen, Wen and Whinston, Andrew B},
  journal={Available at SSRN 3267050},
  year={2018}
}
@article{fahimnia2019behavioral,
  title={Behavioral Operations and Supply Chain Management--A Review and Literature Mapping},
  author={Fahimnia, Behnam and Pournader, Mehrdokht and Siemsen, Enno and Bendoly, Elliot and Wang, Charles},
  journal={Decision Sciences},
  year={2019},
  publisher={Wiley Online Library}
}
%@article{kc2013learning,
%  title={Learning from my success and from others' failure: Evidence from minimally invasive cardiac surgery},
%  author={Kc, Diwas and Staats, Bradley R and Gino, Francesca},
%  journal={Management Science},
%  volume={59},
%  number={11},
%  pages={2435--2449},
%  year={2013},
%  publisher={INFORMS}
%}

@article{chevalier2006effect,
  title={The effect of word of mouth on sales: Online book reviews},
  author={Chevalier, Judith A and Mayzlin, Dina},
  journal={Journal of Marketing Research},
  volume={43},
  number={3},
  pages={345--354},
  year={2006},
}

@article{sun2012does,
  title={How does the variance of product ratings matter?},
  author={Sun, Monic},
  journal={Management Science},
  volume={58},
  number={4},
  pages={696--707},
  year={2012},
  publisher={INFORMS}
}
@article{zimmermann2018decomposing,
  title={Decomposing the variance of consumer ratings and the impact on price and demand},
  author={Zimmermann, Steffen and Herrmann, Philipp and Kundisch, Dennis and Nault, Barrie R},
  journal={Information Systems Research},
  volume={29},
  number={4},
  pages={984--1002},
  year={2018},
  publisher={INFORMS}
}
@article{sun2018online,
  title={Online reviews and collaborative service provision: A signal-jamming model},
  author={Sun, Haoying and Xu, Lizhen},
  journal={Production and Operations Management},
  volume={27},
  number={11},
  pages={1960--1977},
  year={2018},
  publisher={Wiley Online Library}
}

@article{etumnu2019does,
  title={Does the Distribution of Online Ratings affect Sales? Evidence from Amazon},
  author={Etumnu, Chinonso and Foster, Kenneth and Widmar, Nicole Olynk and Lusk, Jayson and Ortega, David},
  year={2019}
}
@article{yi2019leveraging,
  title={Leveraging User-Generated Content for Product Promotion: The Effects of Firm-Highlighted Reviews},
  author={Yi, Cheng and Jiang, Zhenhui and Li, Xiuping and Lu, Xianghua},
  journal={Information Systems Research},
  volume={30},
  number={3},
  pages={711--725},
  year={2019},
  publisher={INFORMS}
}
@article{wang2015user,
  title={User reviews variance, critic reviews variance, and product sales: An exploration of customer breadth and depth effects},
  author={Wang, Feng and Liu, Xuefeng and Fang, Eric Er},
  journal={Journal of Retailing},
  volume={91},
  number={3},
  pages={372--389},
  year={2015},
  publisher={Elsevier}
}
@article{basuroy2006empirical,
  title={An empirical investigation of signaling in the motion picture industry},
  author={Basuroy, Suman and Desai, Kalpesh Kaushik and Talukdar, Debabrata},
  journal={Journal of marketing research},
  volume={43},
  number={2},
  pages={287--295},
  year={2006},
  publisher={SAGE Publications Sage CA: Los Angeles, CA}
}
@phdthesis{zhang2006tapping,
  title={Tapping into the pulse of the market: Essays on marketing implications of information flows},
  author={Zhang, Xiaoquan},
  year={2006},
  school={Massachusetts Institute of Technology}
}
@article{west1998integrating,
  title={Integrating multiple opinions: The role of aspiration level on consumer response to critic consensus},
  author={West, Patricia M and Broniarczyk, Susan M},
  journal={Journal of Consumer Research},
  volume={25},
  number={1},
  pages={38--51},
  year={1998},
  publisher={The University of Chicago Press}
}
@article{clemons2006online,
  title={{When online reviews meet hyperdifferentiation: A study of the craft beer industry}},
  author={Clemons, Eric K and Gao, Guodong Gordon and Hitt, Lorin M},
  journal={Journal of Management Information Systems},
  volume={23},
  number={2},
  pages={149--171},
  year={2006},
}

@inproceedings{martin2007choosing,
  title={{Choosing to be uncertain: Preferences for high variance experiences}},
  author={Martin, J and Barron, G and Norton, MI},
  booktitle={London Business School Trans-Atlantic Doctoral Conference},
  year={2007}
}
@article{meyer1981model,
  title={A model of multiattribute judgments under attribute uncertainty and informational constraint},
  author={Meyer, Robert J},
  journal={Journal of Marketing Research},
  volume={18},
  number={4},
  pages={428--441},
  year={1981},
  publisher={SAGE Publications Sage CA: Los Angeles, CA}
}

@article{sekhar2013literature,
  title={A literature review on motivation},
  author={Sekhar, Chandra and Patwardhan, Manoj and Singh, Rohit Kr},
  journal={Global business perspectives},
  volume={1},
  number={4},
  pages={471--487},
  year={2013},
  publisher={Springer}
}

@article{charness2013dark,
  title={The dark side of competition for status},
  author={Charness, Gary and Masclet, David and Villeval, Marie Claire},
  journal={Management Science},
  volume={60},
  number={1},
  pages={38--55},
  year={2013},
  publisher={INFORMS}
}
@article{blanes2011tournaments,
  title={Tournaments without prizes: Evidence from personnel records},
  author={Blanes i Vidal, Jordi and Nossol, Mareike},
  journal={Management science},
  volume={57},
  number={10},
  pages={1721--1736},
  year={2011},
  publisher={INFORMS}
}


@article{buell2017last,
  title={Last place aversion in queues},
  author={Buell, Ryan W},
  journal={Harvard Business School Technology \& Operations Mgt. Unit Working Paper},
  number={18-053},
  year={2017}
}
@article{eyring2018performance,
  title={Performance Effects of Setting a High Reference Point for Peer-Performance Comparison},
  author={Eyring, Henry and Narayanan, VG},
  journal={Journal of Accounting Research},
  volume={56},
  number={2},
  pages={581--615},
  year={2018},
  publisher={Wiley Online Library}
}


@article{sun2018online,
  title={Online reviews and collaborative service provision: A signal-jamming model},
  author={Sun, Haoying and Xu, Lizhen},
  journal={Production and Operations Management},
  volume={27},
  number={11},
  pages={1960--1977},
  year={2018},
  publisher={Wiley Online Library}
}

@misc{boris_2018, title={How we determine valuations for marketplaces}, note = {\url{https://versionone.vc/how-we-determine-valuations-for-marketplaces/}, Accessed on 6/15/20}, journal={Version One}, publisher={Version One}, author={Boris}, year={2018}, month={Jul}}

@misc{galston_2017, title={Anatomy of a managed marketplace}, note = {\url{https://techcrunch.com/2017/05/25/anatomy-of-a-managed-marketplace/},  Accessed on 6/15/20}, journal={TechCrunch}, publisher={TechCrunch}, author={Galston, Ezra}, year={2017}, month={May}}

@article{dellarocas2007exploring,
  title={Exploring the value of online product reviews in forecasting sales: The case of motion pictures},
  author={Dellarocas, Chrysanthos and Zhang, Xiaoquan Michael and Awad, Neveen F},
  journal={Journal of Interactive marketing},
  volume={21},
  number={4},
  pages={23--45},
  year={2007},
  publisher={Elsevier}
}

@article{duan2008online,
  title={{Do online reviews matter?âAn empirical investigation of panel data}},
  author={Duan, Wenjing and Gu, Bin and Whinston, Andrew B},
  journal={Decision support systems},
  volume={45},
  number={4},
  pages={1007--1016},
  year={2008},
}


 @ARTICLE {deshpan19logistic,
    author  = {Deshpande, Vinayak and Pendem,Pradeep},
    title   = {{Logistics Performance, Ratings, and its impact on Customer Purchasing Behavior and Sales in E-commerce}},
    note = {Working Paper, UNC Kenan Flagler Business School},
    year    = {2019},
}

%@article{pendem2016microstructure,
%  title={The Microstructure of Work: How Unexpected Breaks Let You Rest, but Not Lose Focus},
%  author={Pendem, Pradeep and Green, Paul and Staats, Bradley R and Gino, Francesca},
%  journal={Harvard Business School NOM Unit Working Paper},
%  number={17-058},
%  year={2016}
%}

@article{dorsey2019access,
  title={Access to Alternatives: Increasing Rooftop Solar Adoption With Online Platforms},
  author={Dorsey, Jackson},
  journal={Kelley School of Business Research Paper},
  year={2019}
}

@article{bollinger2019learning,
  title={Learning-by-doing in solar photovoltaic installations},
  author={Bollinger, Bryan and Gillingham, Kenneth},
  journal={Available at SSRN 2342406},
  year={2019}
}

@misc{nrel.gov, title={Solar Photovoltaic Technology Basics},
author={NREL},
url={https://www.nrel.gov/research/re-photovoltaics.html}, journal={NREL.gov}}

@article{iea2018snapshot,
  title={{Snapshot of global photovoltaic markets 2018}},
  author={IEA},
 note = {\url{http://www.iea-pvps.org/fileadmin/dam/public/report/statistics/IEA-PVPS_-_A_Snapshot_of_Global_PV_-_1992-2017.pdf}, Accessed on 6/15/20},
  year={2018},
}

@misc{energysageintel19,
title={{New Report Finds Solar Tariffs Not Helping American-Made Solar Panels Compete, and Costs of Solar Continuing to Fall}},
author={EnergySage},
year = {2019},
note={\url{https://www.energysage.com/press/energysage-marketplace-intel-report-8}, Accessed on 1/20/20},
}

@article{haddad2015consumer,
  title={Consumer Goods Industry: Challenges Within The Online Marketplace.},
  author={Haddad, Munir and Kleiner, Brian},
  journal={Ethics \& Critical Thinking Journal},
  volume={2015},
  number={1},
  year={2015}
}

@article{Blanco2014,
author = {Blanco, Christian and Caro, Felipe and Corbett, Charles J},
pages = {1--38},
title = {Operational Response to Climate Change : Do Profitable Carbon Abatement Opportunities Decrease Over Time ?},
volume = {2010},
year = {2014}
}

@article{Blanco2009,
author = {Blanco, Christian},
doi = {10.1111/j.1365-2958.2003.03935.x},
pages = {1--31},
title = {Supply Chain Carbon Footprinting and Climate Change Awareness of Global Firms},
year = {2019}
}
@article{ibanez2019scheduling,
  title={  },
  author={Ibanez, Maria and Toffel, Michael W},
  journal={Forthcoming, Management Science},
  pages={17--090},
  year={2019}
}

@misc{weaver_2019, title={Residential solar power growing like a ``weed'', straining labor}, note={\url{https://pv-magazine-usa.com/2019/10/28/residential-solar-power-growing-like-a-weed-straining-labor/}, Accessed on 6/15/20}, journal={pv magazine USA}, author={Weaver, John}, year={2019}, month={Oct}}

@misc{seia, title={Solar Industry Research Data}, url={https://www.seia.org/solar-industry-research-data}, journal={SEIA}, author={SEIA}, year ={2019}}

@misc{gtmsolar2018, title={California's Rooftop Solar Mandate Wins Final Approval}, note = {\url{https://www.greentechmedia.com/articles/read/california-solar-roof-mandate-wins-final-approval}, Accessed on 6/15/20}, journal={California's Rooftop Solar Mandate Wins Final Approval | Greentech Media}, publisher={Greentech Media}, author={Pyper, Julia}, year={2018}, month={Dec}}

@article{devlin2018bert,
  title={{BERT: Pre-training of Deep Bidirectional Transformers for Language Understanding}},
  author={Devlin, Jacob and Chang, Ming-Wei and Lee, Kenton and Toutanova, Kristina},
  note={\url{https://arxiv.org/abs/1810.04805}, Accessed on 6/15/20},
  year={2018}
}
@article{hoberg2016text,
  title={Text-based network industries and endogenous product differentiation},
  author={Hoberg, Gerard and Phillips, Gordon},
  journal={Journal of Political Economy},
  volume={124},
  number={5},
  pages={1423--1465},
  year={2016},
  publisher={University of Chicago Press Chicago, IL}
}
@misc{kennedy_thigpen_2019, title={More U.S. homeowners say they are considering home solar panels}, url={https://www.pewresearch.org/fact-tank/2019/12/17/more-u-s-homeowners-say-they-are-considering-home-solar-panels/}, journal={Pew Research Center}, publisher={Pew Research Center}, author={Kennedy, Brian and Thigpen, Cary Lynne}, year={2019}, month={Dec}}

@article {loughran2011liability,
author = {Loughran, Tim and McDonald, Bill},
title = {{When Is a Liability Not a Liability? Textual Analysis, Dictionaries, and 10-Ks}},
journal = {The Journal of Finance},
volume = {66},
number = {1},
pages = {35--65},
year = {2011},
}


@article{niewoehner2019focusing,
  title={Focusing Provider Attention: An Empirical Examination of Incentives and Feedback in Flu},
  author={Niewoehner III, Robert J and Staats, Bradley R},
  year={2019}
}


@article{kesavan2014volume,
  title={Volume flexibility in services: The costs and benefits of flexible labor resources},
  author={Kesavan, Saravanan and Staats, Bradley R and Gilland, Wendell},
  journal={Management Science},
  volume={60},
  number={8},
  pages={1884--1906},
  year={2014},
}

@article{kuhnen2012feedback,
  title={Feedback, self-esteem, and performance in organizations},
  author={Kuhnen, Camelia M and Tymula, Agnieszka},
  journal={Management Science},
  volume={58},
  number={1},
  pages={94--113},
  year={2012},
  publisher={INFORMS}
}
@article{luo2013impact,
  title={The impact of brand rating dispersion on firm value},
  author={Luo, Xueming and Raithel, Sascha and Wiles, Michael A},
  journal={Journal of Marketing Research},
  volume={50},
  number={3},
  pages={399--415},
  year={2013},
  publisher={SAGE Publications Sage CA: Los Angeles, CA}
}
@inproceedings{hutto2014vader,
  title={Vader: A parsimonious rule-based model for sentiment analysis of social media text},
  author={Hutto, Clayton J and Gilbert, Eric},
  booktitle={Eighth international AAAI conference on weblogs and social media},
  year={2014}
}
@article{ankerst1999optics,
  title={OPTICS: ordering points to identify the clustering structure},
  author={Ankerst, Mihael and Breunig, Markus M and Kriegel, Hans-Peter and Sander, J{\"o}rg},
  journal={ACM Sigmod record},
  volume={28},
  number={2},
  pages={49--60},
  year={1999},
  publisher={ACM New York, NY, USA}
}
@article{teimouri2016method,
  title={A method to detect inactive periods in animal movement using density-based clustering},
  author={Teimouri, Maryam and Indahl, Ulf Geir and Tveite, H{\aa}vard},
  journal={Applied Geography},
  volume={73},
  pages={102--112},
  year={2016},
}
@article{calinski1974dendrite,
  title={A dendrite method for cluster analysis},
  author={Cali{\'n}ski, Tadeusz and Harabasz, Jerzy},
  journal={Communications in Statistics-theory and Methods},
  volume={3},
  number={1},
  pages={1--27},
  year={1974},
  publisher={Taylor \& Francis}
}
@misc{us_census_bureau_2019, title={Gazetteer Files}, note={\url{https://www.census.gov/geographies/reference-files/time-series/geo/gazetteer-files.2018.html}, Accessed on 6/15/20}, journal={The United States Census Bureau}, author={\text{US Census Bureau}}, year={2019}, month={Aug}}

@inproceedings{kanagala2016comparative,
  title={A comparative study of K-Means, DBSCAN and OPTICS},
  author={Kanagala, Hari Krishna and Krishnaiah, VV Jaya Rama},
  booktitle={2016 International Conference on Computer Communication and Informatics (ICCCI)},
  pages={1--6},
  year={2016},
  organization={IEEE}
}

@article{davidson2019neighborhood,
  title={{What Neighborhood Is This? Estimating Material Based Neighborhood Boundaries Using Single-Family Homes}},
  author={Davidson, Marty},
  note={Working paper, University of Michigan at Ann Arbor},
  year={2019}
}

@inproceedings{breunig2000fast,
  title={Fast hierarchical clustering based on compressed data and optics},
  author={Breunig, Markus M and Kriegel, Hans-Peter and Sander, J{\"o}rg},
  booktitle={European Conference on Principles of Data Mining and Knowledge Discovery},
  pages={232--242},
  year={2000},
  organization={Springer}
}
@misc{marsh_2019, title={Solar Providers Near Me: How to Find Them in 2020: EnergySage}, note = {\url{https://news.energysage.com/best-way-find-solar-panel-installers-near-me/}, Accessed on 6/15/20}, journal={Solar News}, publisher={EnergySage}, author={Marsh, Jacob}, year={2019}, month={Apr}}

@article{baker,
year={2020},
title={Investing in Online Marketplaces},
note = { \url{https://www.scalevp.com/blog/investing-in-online-marketplaces}, Accessed on 6/15/20},
journal={Scale Venture Partners},
author={Baker, Sam}
}

@article{smaldino2013measures,
  title={Measures of individual uncertainty for ecological models: Variance and entropy},
  author={Smaldino, Paul E},
  journal={Ecological modelling},
  volume={254},
  pages={50--53},
  year={2013},
  publisher={Elsevier}
}
